@book{laudon,
	title = {Information Systems and the Internet: A Problem-Solving Approach},
	isbn = {9780030247972},
	shorttitle = {Information Systems and the Internet},
	abstract = {Information Systems and the Internet A Problem-Solving Approach (Fourth Edition) is based on the premise that virtually all college graduates will be expected to understand, use, and possibly design information systems in their jobs and daily life. Accordingly, this book was written for nontechnical undergraduate students in business, information systems, and the liberal arts who will find a knowledge of information systems vital for professional success. This book also provides a broad foundation and understanding for students who are {MIS} majors.},
	language = {en},
	publisher = {Dryden Press},
	author = {Laudon, Kenneth C. and Laudon, Jane Price},
	year = {1998},
	keywords = {Computers / Internet / General}
}